%! Author = gabrielnilsson.hogb
%! Date = 2023-04-19

